@article{article,
author = {Novak, Erich},
year = {2007},
month = {01},
pages = {31-38},
title = {Was KÃ¶nnen Quantencomputer?},
volume = {54},
journal = {Mathematische Semesterberichte},
doi = {10.1007/s00591-006-0013-8}
}

@book{10.5555/1973124,
author = {Rieffel, Eleanor and Polak, Wolfgang},
title = {Quantum Computing: A Gentle Introduction},
year = {2011},
isbn = {9780262015066},
publisher = {The MIT Press},
edition = {1st}
}